<?xml version="1.0" encoding="UTF-8"?>
<Document xmlns="urn:iso:std:iso:20022:tech:xsd:pain.008.001.02" xmlns:xsi="http://www.w3.org/2001/XMLSchema-instance" xsi:schemaLocation="urn:iso:std:iso:20022:tech:xsd:pain.008.001.02 pain.008.001.02.xsd">
  <CstmrDrctDbtInitn>
    <GrpHdr>
      <MsgId>GSRC2025-10-02 04:02:14</MsgId>
      <CreDtTm>2025-10-02T04:02:14Z</CreDtTm>
      <NbOfTxs>1</NbOfTxs>
      <CtrlSum>400.00</CtrlSum>
      <InitgPty>
        <Nm>me</Nm>
      </InitgPty>
    </GrpHdr>
    <PmtInf>
      <PmtInfId>GSRC2025-10-02 04:02:14</PmtInfId>
      <PmtMtd>DD</PmtMtd>
      <NbOfTxs>1</NbOfTxs>
      <CtrlSum>400.00</CtrlSum>
      <PmtTpInf>
        <SvcLvl>
          <Cd>SEPA</Cd>
        </SvcLvl>
        <LclInstrm>
          <Cd>CORE</Cd>
        </LclInstrm>
        <SeqTp>RCUR</SeqTp>
      </PmtTpInf>
      <ReqdColltnDt>2025-10-06</ReqdColltnDt>
      <Cdtr>
        <Nm>Groninger Studenten Rugby Club (G.S.R.C.)</Nm>
      </Cdtr>
      <CdtrAcct>
        <Id>
          <IBAN>NL27ABNA0519274539</IBAN>
        </Id>
      </CdtrAcct>
      <CdtrAgt>
        <FinInstnId>
          <BIC>ABNANL2A</BIC>
        </FinInstnId>
      </CdtrAgt>
      <ChrgBr>SLEV</ChrgBr>
      <CdtrSchmeId>
        <Id>
          <PrvtId>
            <Othr>
              <Id>NL61ZZZ400255170000</Id>
              <SchmeNm>
                <Prtry>SEPA</Prtry>
              </SchmeNm>
            </Othr>
          </PrvtId>
        </Id>
      </CdtrSchmeId>
      <DrctDbtTxInf>
        <PmtId>
          <EndToEndId>GSRC2025-10-02 04:02:140</EndToEndId>
        </PmtId>
        <InstdAmt Ccy="EUR">400.00</InstdAmt>
        <DrctDbtTx>
          <MndtRltdInf>
            <MndtId>0000000001</MndtId>
            <DtOfSgntr>2012-10-13</DtOfSgntr>
          </MndtRltdInf>
        </DrctDbtTx>
        <DbtrAgt>
          <FinInstnId>
            <BIC>100</BIC>
          </FinInstnId>
        </DbtrAgt>
        <Dbtr>
          <Nm>test t</Nm>
        </Dbtr>
        <DbtrAcct>
          <Id>
            <IBAN>13342243</IBAN>
          </Id>
        </DbtrAcct>
        <RmtInf>
          <Ustrd>GSRC Incasso 2025-10</Ustrd>
        </RmtInf>
      </DrctDbtTxInf>
    </PmtInf>
  </CstmrDrctDbtInitn>
</Document>
